<record><leader>00000cas a22000007a 4500</leader><controlfield tag="001">14223433</controlfield><controlfield tag="008">860916d18961898pauwr ne      0    0eng d</controlfield><datafield ind1=" " ind2=" " tag="010"><subfield code="a">sn 86081982 </subfield></datafield><datafield ind1=" " ind2=" " tag="040"><subfield code="a">NPH</subfield><subfield code="b">eng</subfield><subfield code="c">NPH</subfield><subfield code="d">NPX</subfield><subfield code="d">NPH</subfield><subfield code="d">OCLCQ</subfield><subfield code="d">DLC</subfield></datafield><datafield ind1=" " ind2=" " tag="042"><subfield code="a">msc</subfield></datafield><datafield ind1="0" ind2="0" tag="245"><subfield code="a">Bradford weekly Republican.</subfield></datafield><datafield ind1="3" ind2="0" tag="246"><subfield code="a">Bradford Republican</subfield></datafield><datafield ind1=" " ind2=" " tag="260"><subfield code="a">Towanda, Bradford County, Pa. :</subfield><subfield code="b">McKee Bros.,</subfield><subfield code="c">1896-1898.</subfield></datafield><datafield ind1=" " ind2=" " tag="300"><subfield code="a">2 v. :</subfield><subfield code="b">ill. ;</subfield><subfield code="c">55 cm.</subfield></datafield><datafield ind1=" " ind2=" " tag="310"><subfield code="a">Weekly</subfield></datafield><datafield ind1="0" ind2=" " tag="362"><subfield code="a">Vol. 22, no. 52 (Nov. 19, 1896)-v. 24, no. 27 (Nov. 24, 1898).</subfield></datafield><datafield ind1=" " ind2=" " tag="580"><subfield code="a">Daily ed.: Towanda daily review.</subfield></datafield><datafield ind1=" " ind2=" " tag="752"><subfield code="a">United States</subfield><subfield code="b">Pennsylvania</subfield><subfield code="c">Bradford</subfield><subfield code="d">Towanda.</subfield></datafield><datafield ind1="1" ind2=" " tag="775"><subfield code="t">Towanda daily review</subfield><subfield code="x">2379-4941</subfield><subfield code="w">(DLC)sn 86081381</subfield><subfield code="w">(OCoLC)13547387</subfield></datafield><datafield ind1="0" ind2="4" tag="780"><subfield code="t">Bradford semi-weekly republican</subfield><subfield code="w">(DLC)sn 86081932</subfield></datafield><datafield ind1="0" ind2="4" tag="780"><subfield code="t">Towanda weekly review</subfield><subfield code="w">(DLC)sn 86081986</subfield></datafield><datafield ind1="0" ind2="0" tag="785"><subfield code="t">Bradford County Republican</subfield><subfield code="w">(OCoLC)14223657</subfield></datafield></record>